@preamble{ "\newcommand{\noopsort}[1]{} "
	# "\newcommand{\printfirst}[2]{#1} "
	# "\newcommand{\singleletter}[1]{#1} "
	# "\newcommand{\switchargs}[2]{#2#1} " }


@electronic{MDS,
  organization = "Personal Robots Group, MIT Media Lab",
  title = "{MDS}",
  url = "http://robotic.media.mit.edu/projects/robots/mds/overview/overview.html",
  address = "Cambridge, MA"
}

@electronic{Bouguet,
  author = "Jean-Yves Bouguet",
  title = "Camera Calibration Toolbox for Matlab",
  url = "http://www.vision.caltech.edu/bouguetj/calib_doc/index.html",
}

@electronic{libdc1394,
  author = "Damien Douxchamps",
  title = "libdc1394 Homepage",
  url = "http://damien.douxchamps.net/ieee1394/libdc1394/",
  month = oct,
  year = 2006,
}

@electronic{RGBDProject,
  organization = "Intel Labs Seattle",
  title = "{RGB-D}: Techniques and usages for Kinect style depth cameras",
  url = "http://ils.intel-research.net/projects/rgbd",
  address = "Seattle, WA"
}

@manual{FireflyDatasheet,
   title = "Firefly MV Product Datasheet",
   howpublished = "fireflymv.pdf",
   organization = "Point Grey",
   url = "http://www.ptgrey.com/products/fireflymv/fireflymv.pdf",
}

@manual{SR4000Manual,
   title = "SR4000 User Manual",
   howpublished = "{SR4000\_Manual.pdf}",
   organization = "Mesa Imaging",
   address = "Zurich",
   url = "http://www.mesa-imaging.ch/prodview4k.php",
}

@manual{OpenNI,
   title = "OpenNI User Guide",
   howpublished = "{OpenNI\_UserGuide.pdf}",
   organization = "OpenNI",
   url = "http://www.openni.org/documentation",
}

@manual{PrimeSensor,
   title = "PrimeSensor Reference Design 1.08 Datasheet",
   howpublished = "{FMF\_2.pdf}",
   organization = "PrimeSense",
   url = "http://www.primesense.com/?p=514",
}

@manual{NITE,
   title = "PrimeSensor NITE 1.1 Middleware Datasheet",
   howpublished = "{FMF\_3.pdf}",
   organization = "PrimeSense",
   url = "http://www.primesense.com/?p=515",
}

@mastersthesis{IRCP,
   author = "Matt Hancher",
   title = "A Motor Control Framework for Many-Axis Interactive Robots",
   school = "Massachusetts Institute of Technology",
   type = "Master of Engineering thesis",
   address = "Cambridge, MA",
   month = may,
   year = "2003"
}

@inproceedings{Linarth,
   author = "A. Linarth and J. Penne and B. Liu and O. Jesorsky and R. Kompe",
   title = "Fast Fusion of Range and Video Sensor Data",
   booktitle = "Advanced Microsystems for Automotive Applications 2007",
   editor = "J. Valldorf and W. Gessner",
   publisher = "Springer",
   address = "Berlin",
   year = "2007",
   pages  = "119-134"
}

@inproceedings{Zhang,
    author = "Zhengyou Zhang",
    title = "Flexible camera calibration by viewing a plane from unknown orientations",
    booktitle = "ICCV",
    year = "1999",
    pages = "666-673"
}

@inproceedings{Viola,
    author = "Paul Viola and Michael Jones",
    title = "Rapid object detection using a boosted cascade of simple features",
    booktitle = "IEEE CVPR",
    year = "2001",
    pages = "511-518"
}

@inproceedings{Lienhart,
    author = "Rainer Lienhart and Jochen Maydt",
    title = "An extended set of {H}aar-like features for rapid object detection",
    booktitle = "IEEE ICIP",
    year = "2002",
    pages = "900-903"
}

@article{BradskiCamshift,
    author = "Gary Bradski",
    title = "Computer Vision Face Tracking For Use in a Perceptual User Interface",
    journal = "Intel Technology Journal, Q2",
    year = "1998"
}

@book{Bradski,
  author = "G. Bradski and A. Kaehler",
  title = "Learning OpenCV: Computer Vision with the OpenCV Library",
  publisher = "O'Reilly",
  address = "Sebastopol, CA",
  year = "2008"
}

@book{Horn,
  author = "Berthold Klaus Paul Horn",
  title = "Robot Vision",
  publisher = "MIT Press",
  address = "Cambridge, MA",
  year = "1986"
}

